<?xml version="1.0" encoding="UTF-8"?><collection xmlns="http://www.loc.gov/MARC21/slim"><record><leader>00586nam--2200205-i-4500</leader><controlfield tag="001">000008989</controlfield><controlfield tag="002">20161230</controlfield><controlfield tag="005">20161230201028</controlfield><controlfield tag="008">060222s1000------------r-----000-0-eng-d</controlfield><datafield ind1=" " ind2=" " tag="040"><subfield code="a">IFIN-HH</subfield></datafield><datafield ind1=" " ind2=" " tag="080"><subfield code="a">53</subfield></datafield><datafield ind1="1" ind2=" " tag="100"><subfield code="a">Richtmyer, F.K</subfield></datafield><datafield ind1="1" ind2="0" tag="245"><subfield code="a">Introduction to modern physics</subfield><subfield code="c">F.k. richtmyer, e.h. kennard, john n. cooper</subfield></datafield><datafield ind1=" " ind2=" " tag="250"><subfield code="a">Sixth Edition</subfield></datafield><datafield ind1=" " ind2=" " tag="260"><subfield code="a">New York</subfield><subfield code="b">Mcgraw Hill Book,Co</subfield><subfield code="c">1969</subfield></datafield><datafield ind1=" " ind2=" " tag="300"><subfield code="a">XVI + 767 P</subfield></datafield><datafield ind1=" " ind2=" " tag="490"><subfield code="a">International Series In Pure And Applied Physics</subfield></datafield><datafield ind1="1" ind2=" " tag="700"><subfield code="a">Cooper, John N</subfield></datafield><datafield ind1=" " ind2=" " tag="852"><subfield code="a">31464</subfield><subfield code="c">53</subfield></datafield><datafield ind1=" " ind2=" " tag="CAT"><subfield code="a">Sys</subfield><subfield code="c">20150220</subfield><subfield code="h">130515</subfield></datafield></record></collection>